@book{kalnay2003atmospheric,
      title={Atmospheric modeling, data assimilation and predictability},
      author={Kalnay, Eugenia},
      year={2003},
      publisher={Cambridge university press}
}

@article{mandel2009brief,
      title={A brief tutorial on the ensemble Kalman filter},
      author={Mandel, Jan},
      journal={arXiv preprint arXiv:0901.3725},
      year={2009}
}

@article{evensen2003ensemble,
      title={The ensemble Kalman filter: Theoretical formulation and practical
          implementation},
      author={Evensen, Geir},
      journal={Ocean dynamics},
      volume={53},
      number={4},
      pages={343--367},
      year={2003},
      publisher={Springer}
}

@article{welch1995introduction,
      title={An introduction to the Kalman filter},
      author={Welch, Greg and Bishop, Gary and others},
      year={1995}
}

@article{kalman1960new,
      title={A new approach to linear filtering and prediction problems},
      author={Kalman, Rudolph Emil},
      journal={Journal of basic Engineering},
      volume={82},
      number={1},
      pages={35--45},
      year={1960},
      publisher={American Society of Mechanical Engineers}
}

